% --- KAPPA COEFFICIENT ---
@article{cohen-1960-edupsychassessment,
    author = {Cohen, J},
    journal = {Educational and Psychological Measurement},
    month = {April},
    number = {1},
    pages = {37--46},
    title = {A Coefficient of Agreement for Nominal Scales},
    volume = {20},
    year = {1960}
}

% --- COLLECTIVE STRENGTH PAPER ---
@inproceedings{aggarwal-1998-pods,
  author = {Aggarwal, C C and Yu, P S},
  title = {A New Framework For Itemset Generation},
  booktitle = {PODS 98, Symposium on Principles of Database Systems},
  year = {1998},
  pages = {18--24},
}

@Article{hilderman-intensive-2012,
  author = 	 {M. Simeon and R. J. Hilderman},
  title = 	 {{Mining Interesting Contrast Sets}},
  journal = 	 {{Proceedings of the 4th International Conference on Resource Intensive Applications and Services (INTENSIVE)}},
  year = 	 {2012},
  OPTpages = 	 {14 -- 21},
  OPTmonth = 	 {March},
}

@Unpublished{kumar-unpublished-2000,
  author = 	 {V. Kumar and P. Tan},
  title = 	 {{Interestingness Measures for Association Patterns: A Perspective}},
  note = 	 {University of Minnesota},
}

@Article{brin-sigmod-1997,
  author = 	 {S. Brin and R. Motwani and J. D. Ullman and S. Tsur},
  title = 	 {{Dynamic itemset counting and implication rules for market basket data}},
  journal = 	 {SIGMOD},
  year = 	 {1997},
  pages = 	 {255 -- 264},
}

@Article{agrawal-sigmod-1993,
  author = 	 {R. Agrawal and T. Imielinski and A. Swami},
  title = 	 {{Mining association rules between sets of items in large databases}},
  journal = 	 {ACM SIGMOD international conference on Management of data },
  year = 	 {1993},
  pages = 	 {207 -- 216},
}

@Article{geng-acmcomputing-2006,
  author = 	 {L. Geng and H. J. Hamilton},
  title = 	 {{Interestingness Measures for data mining: a survey}},
  journal = 	 {ACM Computing Surveys},
  year = 	 {2006},
  volume = 	 {38},
  number = 	 {3},
  month = 	 {September},
}

@Article{kel-nar-2003,
  author = 	 {A.E. Kel and E. Gössling and I. Reuter and E. Cheremushkin and O.V. Margoulis and E. Wingender},
  title = 	 {{Match(TM) : A tool for searching transcription factor binding sites in DNA sequences}},
  journal = 	 {Nucleic Acids Res.},
  year = 	 {2003},
  volume = 	 {31},
  pages = 	 {3579 -- 3579},
}

@InCollection{schug-2003,
	Author = {J. Schug},
	Booktitle = {Current Protocols in Bioinformatics},
	Publisher = {J. Wiley and Sons},
	Title = {{Using TESS to Predict Transcription Factor Binding Sites in DNA Sequence}},
	Year = {2003}
}

@Article{tan-sigkdd-2002,
  author = 	 {P. Tan and V. Kumar and J. Srivastava},
  title = 	 {{Selecting the right interestingness measure for association patterns}},
  journal = 	 {SIGKDD},
  year = 	 {2002},
}

@Article{korhonen-bioinformatics-2009,
  author = 	 {J. Korhonen and P. Martinmäki and C. Pizzi and P. Rastas and E. Ukkonen},
  title = 	 {{MOODS: fast search for position weight matrix matches in DNA sequences}},
  journal = 	 {Bioinformatics},
  year = 	 {2009},
  volume = 	 {25},
  number = 	 {23},
  pages = 	 {3181 -- 3182},
}

@Article{steinbach-contempmath-2007,
  author = 	 {M. Steinbach and P. Tan and H. Xiong and V. Kumar},
  title = 	 {{Objective Measures for Association Pattern Analysis}},
  journal = 	 {Contemporary Mathematics},
  year = 	 {2007},
  number = 	 {443},
  pages = 	 {205 -- 226},
}
